% Encoding: UTF-8

@Electronic{NOVA-doc-15977-v1,
  author       = {Brian Rebel},
  howpublished = {NOVA Document 15977-v1},
  month        = aug,
  note         = {NOvA internal document},
  title        = {Window Tracking Algorithm for Cosmic Ray Muons},
  url          = {https://nova-docdb.fnal.gov/cgi-bin/sso/ShowDocument?docid=15977},
  year         = {2016},
}

@Electronic{NOVA-doc-39244-v1,
  author       = {Kevin Mulder},
  howpublished = {NOVA Document 39244-v1},
  note         = {NOvA internal document},
  title        = {Testbeam Calibration update},
  url          = {https://nova-docdb.fnal.gov/cgi-bin/sso/ShowDocument?docid=39244},
}

@Article{rpp2022-rev-cosmic-rays.pdf,
  author        = {Workman, R. L. and Others},
  journal       = {PTEP},
  title         = {{Review of Particle Physics}},
  year          = {2022},
  pages         = {083C01},
  volume        = {2022},
  collaboration = {Particle Data Group},
  doi           = {10.1093/ptep/ptac097},
}

@InProceedings{CRY,
  author  = {Hagmann, Chris and Lange, David and Wright, Douglas},
  title   = {Cosmic-ray shower generator (CRY) for Monte Carlo transport codes},
  year    = {2007},
  month   = {01},
  pages   = {1143 - 1146},
  volume  = {2},
  doi     = {10.1109/NSSMIC.2007.4437209},
  isbn    = {978-1-4244-0922-8},
  journal = {IEEE Nuclear Science Symposium Conference Record},
}

@Electronic{Messier2021,
  author       = {Mark Messier and Teresa Lackey},
  howpublished = {NOVA Document 51327-v3},
  month        = jul,
  note         = {NOvA internal document},
  title        = {Data driven cosmic generation},
  url          = {https://nova-docdb.fnal.gov/cgi-bin/sso/ShowDocument?docid=51327&version=3},
  year         = {2021},
}

@Electronic{NOVA-doc-32455-v1,
  author       = {Michael Baird},
  howpublished = {NOVA Document 32455-v1},
  month        = sep,
  note         = {NOvA internal document},
  title        = {Break Point Fitter Technical Note},
  url          = {https://nova-docdb.fnal.gov/cgi-bin/sso/ShowDocument?docid=32455},
  year         = {2018},
}

@Article{GEANT4,
  author        = {Agostinelli, S. and others},
  journal       = {Nucl. Instrum. Meth. A},
  title         = {{GEANT4--a simulation toolkit}},
  year          = {2003},
  pages         = {250--303},
  volume        = {506},
  collaboration = {GEANT4},
  doi           = {10.1016/S0168-9002(03)01368-8},
  reportnumber  = {SLAC-PUB-9350, FERMILAB-PUB-03-339, CERN-IT-2002-003},
}

@PhdThesis{LackeyThesis,
  author       = {Lackey, Teresa Megan},
  school       = {Indiana U.},
  title        = {{Proton Scattering in NOvA Test Beam}},
  year         = {2022},
  month        = {7},
  reportnumber = {FERMILAB-THESIS-2022-13},
}

@Electronic{NOVA-doc-54417-v1,
  author       = {Robert Kralik},
  howpublished = {NOVA Document 54417-v1},
  month        = apr,
  note         = {NOvA internal document},
  title        = {Data-based cosmics simulation for (not only) Test Beam calibration},
  url          = {https://nova-docdb.fnal.gov/cgi-bin/sso/ShowDocument?docid=54417},
  year         = {2022},
}

@Comment{jabref-meta: databaseType:bibtex;}
